<record xmlns="http://www.loc.gov/MARC21/slim" xmlns:xsi="http://www.w3.org/2001/XMLSchema-instance" xsi:schemaLocation="http://www.loc.gov/MARC21/slim http://www.loc.gov/standards/marcxml/schema/MARC21slim.xsd"><leader>02046nam a2200373   4500</leader><controlfield tag="001">002820020</controlfield><controlfield tag="003">NNU</controlfield><controlfield tag="006">m        d        </controlfield><controlfield tag="007">cr cn |||m|||a</controlfield><controlfield tag="008">150223s1968    iq      ob    001 0 ara d</controlfield><datafield ind1=" " ind2=" " tag="040"><subfield code="a">NNU</subfield><subfield code="b">eng</subfield><subfield code="c">NNU</subfield></datafield><datafield ind1="1" ind2=" " tag="100"><subfield code="6">880-01</subfield><subfield code="a">Shibl&#299;, Ab&#363; Bakr,</subfield><subfield code="d">861-946</subfield></datafield><datafield ind1="1" ind2="0" tag="245"><subfield code="6">880-02</subfield><subfield code="a">Di&#772;wa&#772;n Abi&#772; Bakr al-Shibli&#772;, Ja&#699;far ibn Yu&#772;suf al-mashu&#772;r bi-Dulaf ibn Jah&#803;dar</subfield><subfield code="h">[electronic resource] /</subfield><subfield code="c">jama&#699;ahu wa-h&#803;aqqaqahu wa-&#699;allaqa h&#803;awa&#772;shi&#772;hi wa-qaddama lahu Ka&#772;mil Mus&#803;t&#803;afa&#769; al-Shaybi&#772;.</subfield></datafield><datafield ind1=" " ind2=" " tag="250"><subfield code="6">880-03</subfield><subfield code="a">al-T&#803;ab&#699;ah 1.</subfield></datafield><datafield ind1=" " ind2=" " tag="260"><subfield code="6">880-04</subfield><subfield code="a">Baghda&#772;d :</subfield><subfield code="b">[s.n.],</subfield><subfield code="c">1968.</subfield><subfield code="e">(Baghda&#772;d :</subfield><subfield code="f">Mat&#803;ba&#699;at al-Baya&#772;n)</subfield></datafield><datafield ind1=" " ind2=" " tag="300"><subfield code="a">online resource (229 p.)</subfield></datafield><datafield ind1=" " ind2=" " tag="500"><subfield code="a">Title on p. [4] of cover: The di&#772;wa&#772;n of Abu&#772; Bakr al-shibli&#772;.</subfield></datafield><datafield ind1=" " ind2=" " tag="500"><subfield code="a">Includes indexes.</subfield></datafield><datafield ind1=" " ind2=" " tag="500"><subfield code="a">Part of the Arabic Collections Online (ACO) project, contributed by New York Univeristy Libraries.</subfield></datafield><datafield ind1=" " ind2=" " tag="504"><subfield code="a">Bibliography: p. 173-189.</subfield></datafield><datafield ind1=" " ind2=" " tag="533"><subfield code="a">Electronic reproduction.</subfield><subfield code="b">New York, N.Y. :</subfield><subfield code="c">New York University,</subfield><subfield code="d">2015.</subfield><subfield code="5">NNU</subfield></datafield><datafield ind1="1" ind2=" " tag="700"><subfield code="6">880-05</subfield><subfield code="a">Shaybi&#772;, Ka&#772;mil Mus&#803;t&#803;afa&#769;.</subfield></datafield><datafield ind1="2" ind2=" " tag="710"><subfield code="a">New York University.</subfield><subfield code="b">Libraries.</subfield></datafield><datafield ind1="0" ind2=" " tag="730"><subfield code="a">Arabic Collections Online.</subfield></datafield><datafield ind1="4" ind2=" " tag="740"><subfield code="a">The di&#772;wa&#772;n of Abu&#772; Bakr al-Shibli&#772;.</subfield></datafield><datafield ind1="0" ind2="8" tag="776"><subfield code="i">Print version:</subfield><subfield code="a">Shibl&#299;, Ab&#363; Bakr, 861-946 880-01</subfield><subfield code="t">Di&#772;wa&#772;n Abi&#772; Bakr al-Shibli&#772;, Ja&#699;far ibn Yu&#772;suf al-mashu&#772;r bi-Dulaf ibn Jah&#803;dar</subfield><subfield code="w">(NNU)002820020</subfield></datafield><datafield ind1="4" ind2="0" tag="856"><subfield code="u">http://hdl.handle.net/2333.1/7m0cg0fj</subfield></datafield><datafield ind1="1" ind2=" " tag="880"><subfield code="6">100-01/</subfield><subfield code="a">&#1588;&#1576;&#1604;&#1610;&#1548; &#1575;&#1576;&#1608; &#1576;&#1603;&#1585;&#1548;</subfield><subfield code="d">861-946.</subfield></datafield><datafield ind1="1" ind2="0" tag="880"><subfield code="6">245-02/</subfield><subfield code="a">&#1583;&#1610;&#1608;&#1575;&#1606; &#1575;&#1576;&#1610; &#1576;&#1603;&#1585; &#1575;&#1604;&#1588;&#1576;&#1604;&#1610;&#1548; &#1580;&#1593;&#1601;&#1585; &#1576;&#1606; &#1610;&#1608;&#1587;&#1601; &#1575;&#1604;&#1605;&#1588;&#1608;&#1585; &#1576;&#1583;&#1604;&#1601; &#1576;&#1606; &#1580;&#1581;&#1583;&#1585; /</subfield><subfield code="c">&#1580;&#1605;&#1593;&#1607; &#1608;&#1581;&#1602;&#1602;&#1607; &#1608;&#1593;&#1604;&#1602; &#1581;&#1608;&#1575;&#1588;&#1610;&#1607; &#1608;&#1602;&#1583;&#1605; &#1604;&#1607; &#1603;&#1575;&#1605;&#1604; &#1605;&#1589;&#1591;&#1601;&#1609; &#1575;&#1604;&#1588;&#1610;&#1576;&#1610;.</subfield></datafield><datafield ind1=" " ind2=" " tag="880"><subfield code="6">250-03/</subfield><subfield code="a">&#1575;&#1604;&#1591;&#1576;&#1593;&#1577; 1.</subfield></datafield><datafield ind1=" " ind2=" " tag="880"><subfield code="6">260-04/</subfield><subfield code="a">&#1576;&#1594;&#1583;&#1575;&#1583; :</subfield><subfield code="b">[s.n.],</subfield><subfield code="c">1968.</subfield><subfield code="e">(&#1576;&#1594;&#1583;&#1575;&#1583; :</subfield><subfield code="f">&#1605;&#1591;&#1576;&#1593;&#1577; &#1575;&#1604;&#1576;&#1610;&#1575;&#1606;)</subfield></datafield><datafield ind1="1" ind2=" " tag="880"><subfield code="6">700-05/</subfield><subfield code="a">&#1588;&#1610;&#1576;&#1610;&#1548; &#1603;&#1575;&#1605;&#1604; &#1605;&#1589;&#1591;&#1601;&#1609;.</subfield></datafield><datafield ind1=" " ind2=" " tag="959"><subfield code="a">NNU</subfield><subfield code="b">WEB</subfield><subfield code="c">GENI</subfield><subfield code="t">0</subfield><subfield code="m">Electronic access</subfield><subfield code="s">01</subfield></datafield><datafield ind1=" " ind2=" " tag="999"><subfield code="i">NNU_002820020</subfield><subfield code="s">nyu_aco000353</subfield></datafield></record>